<?xml version="1.0" encoding="UTF-8"?><collection xmlns="http://www.loc.gov/MARC21/slim"><record><leader>00389nam--2200133-i-4500</leader><controlfield tag="001">000006632</controlfield><controlfield tag="002">20161230</controlfield><controlfield tag="005">20161230201026</controlfield><controlfield tag="008">060222s1000------------r-----000-0-eng-d</controlfield><datafield ind1=" " ind2=" " tag="080"><subfield code="a">061.62(047:100):341.16(047):621.039IAEA(047)</subfield></datafield><datafield ind1=" " ind2=" " tag="245"><subfield code="a">Aiea : contrats de recherche. troisieme rapport annuel</subfield></datafield><datafield ind1=" " ind2=" " tag="260"><subfield code="a">Vienne, Agence Intern. De L Energie Atom, 1963 85 P</subfield></datafield><datafield ind1=" " ind2=" " tag="490"><subfield code="a">16</subfield></datafield><datafield ind1=" " ind2=" " tag="852"><subfield code="a">1875</subfield></datafield></record></collection>